%% the database files.  \BibTeX allows in the database files any
%% comment that's not within an entry.
%%
%% Repositorio de arquivos .bib disponiveis on-line:
%% http://liinwww.ira.uka.de/bibliography/index.html
%% http://www.math.utah.edu/~beebe/bibliographies.html
%%
%% Se voc� tiver problemas com acentos nas entradas do BibTeX, coloque-os
%% entre { e }, como em Jo{�}o ou ainda Jo{\~a}o.

%---------------------------------------------------------
% A A A
%---------------------------------------------------------
%---------------------------------------------------------
% B B B
%---------------------------------------------------------
@misc{Belshe2009A2xFasterWeb,
   AUTHOR = {Mike Belshe and Roberto Peon},
   TITLE = "{A 2x Faster Web}",
   YEAR = {2009},
   HOWPUBLISHED = {\url{https://blog.chromium.org/2009/11/2x-faster-web.html}},
   NOTE = {Online; acessado em 13/11/2018}
}

@inproceedings{Brylinski:2017:OH:3018896.3065841,
 author = {Anne-Sophie Brylinski and Aniruddha Bhattacharjya},
 title = "{Overview of HTTP/2}",
 booktitle = {Proceedings of the Second International Conference on Internet of Things, Data and Cloud Computing},
 series = {ICC '17},
 year = {2017},
 isbn = {978-1-4503-4774-7},
 location = {Cambridge, United Kingdom},
 pages = {114:1--114:6},
 articleno = {114},
 numpages = {6},
 url = {http://doi.acm.org/10.1145/3018896.3065841},
 doi = {10.1145/3018896.3065841},
 acmid = {3065841},
 publisher = {ACM},
 address = {New York, NY, USA},
 keywords = {DoS, HTTP/1.1, HTTP/2, XSS, performance, security},
} 

@misc{Bugzilla,
   AUTHOR = "{Kris Silver (Reporter)}",
   TITLE = "{Bug 264354: Enable HTTP pipelining by default}",
   YEAR = {2004},
   HOWPUBLISHED = {\url{https://bugzilla.mozilla.org/show_bug.cgi?id=264354}},
   NOTE = {Online; acessado em 02/11/2018}
}
%---------------------------------------------------------
% C C C
%---------------------------------------------------------
@misc{Copas,
   AUTHOR = {Copas},
   TITLE = "{Copas --- Coroutine Oriented Portable Asynchronous Services for Lua}",
   HOWPUBLISHED = {\url{http://keplerproject.github.io/copas}},
   NOTE = {Online; acessado em 13/11/2018}
}

@misc{TheChromiumProjects,
   AUTHOR = "{The Chromium Projects}",
   TITLE = "{HTTP Pipelining}",
   HOWPUBLISHED = {\url{https://www.chromium.org/developers/design-documents/network-stack/http-pipelining}},
   NOTE = {Online; acessado em 13/11/2018}
}
%---------------------------------------------------------
% D D D
%---------------------------------------------------------
@misc{DaurminatorLuaHTTP,
   AUTHOR = "{lua-http}",
   TITLE = "{lua-http --- HTTP library for Lua}",
   YEAR = {2018},
   HOWPUBLISHED = {\url{https://daurnimator.github.io/lua-http/0.2}},
   NOTE = {Online; acessado em 13/11/2018}
}

@misc{Nehab2007,
   AUTHOR = {Diego Nehab},
   TITLE = "{LuaSocket --- Network support for the Lua language}",
   YEAR = {2007},
   HOWPUBLISHED = {\url{http://w3.impa.br/~diego/software/luasocket}},
   NOTE = {Online; acessado em 13/11/2018}
}
%---------------------------------------------------------
% E E E
%---------------------------------------------------------
%---------------------------------------------------------
% F F F
%---------------------------------------------------------
%---------------------------------------------------------
% G G G
%---------------------------------------------------------
%---------------------------------------------------------
% H H H
%---------------------------------------------------------
@misc{Paulahttp2,
   AUTHOR = {Murillo Rodrigues de Paula},
   TITLE = "{http2 --- Multi-platform HTTP/2 client library in Lua}",
   HOWPUBLISHED = {\url{https://github.com/murillow/http2}},
   NOTE = {Online; acessado em 29/11/2018}
}

@misc{HTTPArchive,
   AUTHOR = "{HTTP Archive}",
   TITLE = "{Report: State of the Web}",
   YEAR = {2018},
   HOWPUBLISHED = {\url{http://httparchive.org/reports/state-of-the-web?start=earliest&end=latest}},
   NOTE = {Online; acessado em 13/11/2018}
}
%---------------------------------------------------------
% I I I
%---------------------------------------------------------
@article{Ierusalimschy2011passing,
   TITLE = {Passing a language through the eye of a needle},
   AUTHOR = {Roberto Ierusalimschy and Luiz Henrique de Figueiredo and Waldemar Celes},
   JOURNAL = {Communications of the ACM},
   VOLUME = {54},
   NUMBER = {7},
   PAGES = {38-43},
   YEAR = {2011},
   PUBLISHER = {ACM}
}

@book{Ierusalimschy2016PiL,
   AUTHOR = {Roberto Ierusalimschy},
   TITLE = {Programming in Lua, Fourth Edition},
   PUBLISHER = {Lua.Org},
   YEAR = {2016},
   ISBN = {8590379868},
}

@article{Ierusalimschy2018:LDL:3289258.3186277,
 author = {Roberto Ierusalimschy and Luiz Henrique de Figueiredo and Waldemar Celes},
 title = {A Look at the Design of Lua},
 journal = {Communications of the ACM},
 issue_date = {November 2018},
 volume = {61},
 number = {11},
 month = oct,
 year = {2018},
 issn = {0001-0782},
 pages = {114--123},
 numpages = {10},
 url = {http://doi.acm.org/10.1145/3186277},
 doi = {10.1145/3186277},
 acmid = {3186277},
 publisher = {ACM},
 address = {New York, NY, USA},
} 

@inproceedings{Ierusalimschy:2009:PMP:2175094.2175096,
 author = {Roberto Ierusalimschy},
 title = "{Programming with multiple paradigms in Lua}",
 booktitle = {Proceedings of the \nth{18} International Conference on Functional and (Constraint) Logic Programming},
 editor = {Santiago Escobar},
 series = {LNCS},
 volume = {5579},
 year = {2009},
 isbn = {3-642-11998-0, 978-3-642-11998-9},
 location = {Brasilia, Brazil},
 pages = {5--13},
 numpages = {12},
 url = {http://dx.doi.org/10.1007/978-3-642-11999-6_1},
 doi = {10.1007/978-3-642-11999-6_1},
 acmid = {2175096},
 publisher = {Springer},
 address = {Heidelberg, Germany},
} 

%---------------------------------------------------------
% J J J
%---------------------------------------------------------
%---------------------------------------------------------
% K K K
%---------------------------------------------------------
@book{Kurose:2012:CNT:2584507,
   AUTHOR = {Kurose, James F. and Ross, Keith W.},
   TITLE = {Computer Networking: A Top-Down Approach},
   YEAR = {2012},
   ISBN = {0132856204, 9780132856201},
   EDITION = {6th},
   PUBLISHER = {Pearson}
} 
%---------------------------------------------------------
% L L L
%---------------------------------------------------------
%---------------------------------------------------------
% M M M
%---------------------------------------------------------
@INPROCEEDINGS{Manzoor7818414, 
author={Jawad Manzoor and Idilio Drago and Ramin Sadre}, 
booktitle={2016 12th International Conference on Network and Service Management (CNSM)}, 
title="{The curious case of parallel connections in HTTP/2}", 
year={2016}, 
volume={}, 
number={}, 
pages={174-180}, 
keywords={Internet;multiplexing;telecommunication traffic;transport protocols;parallel connections;Web pages;Web-based services;latency issues;HTTP/2 protocol;head-of-line blocking problem;concurrent TCP sessions;multiplexing;HTTP/2 traffic;university campus network;residential network;Servers;Protocols;Browsers;Multiplexing;IP networks;Electronic mail;Bandwidth}, 
doi={10.1109/CNSM.2016.7818414}, 
ISSN={2165-963X}, 
month={Oct},}
%---------------------------------------------------------
% N N N
%---------------------------------------------------------
@misc{nghttp2,
   AUTHOR = {Nghttp2},
   TITLE = "{Nghttp2: HTTP/2 C Library}",
   YEAR = {2018},
   HOWPUBLISHED = {\url{https://nghttp2.org/}},
   NOTE = {Online; acessado em 26/11/2018}
}

@misc{Nodejs,
   AUTHOR = {Node.js},
   TITLE = "{HTTP/2}",
   YEAR = {2018},
   HOWPUBLISHED = {\url{https://nodejs.org/api/http2.html#http2_http_2}},
   NOTE = {Online; acessado em 26/11/2018}
}
%---------------------------------------------------------
% O O O
%---------------------------------------------------------
@INPROCEEDINGS{Oda8319285, 
author={Naoki Oda and Saneyasu Yamaguchi}, 
booktitle={2018 15th IEEE Annual Consumer Communications Networking Conference (CCNC)}, 
title="{HTTP/2 performance evaluation with latency and packet losses}", 
year={2018}, 
volume={}, 
number={}, 
pages={1-2}, 
keywords={computer network performance evaluation;hypermedia;Internet;transport protocols;HOL;Head of Line blocking problem;HTTP/1.1;latency packet losses;HTTP/2 performance evaluation;high packet loss ratio;comparable performance;single connection;HTTP/2 communication;single TCP connection;hypertext transfer protocol HTTP/2;Packet loss;Protocols;Servers;Conferences;Browsers;Internet;HTTP/2;HOL blocking problem;CUBIC TCP}, 
doi={10.1109/CCNC.2018.8319285}, 
ISSN={2331-9860}, 
month={Jan},}
%---------------------------------------------------------
% P P P
%---------------------------------------------------------
%---------------------------------------------------------
% Q Q Q
%---------------------------------------------------------
%---------------------------------------------------------
% R R R
%---------------------------------------------------------
@techreport{BelsheRFC7540,
   AUTHOR = "Mike Belshe and Roberto Peon and Martin Thomson",
   TITLE = "{Hypertext Transfer Protocol Version 2 (HTTP/2)}",
   HOWPUBLISHED = {Internet Requests for Comments},
   TYPE="{RFC}",
   NUMBER=7540,
   PAGES = {1-96},
   YEAR = {2015},
   MONTH = {May},
   ISSN = {2070-1721},
   PUBLISHER = "{RFC Editor}",
   INSTITUTION = "{RFC Editor}",
   URL={https://www.rfc-editor.org/rfc/rfc7540.txt}
}

@techreport{BelsheRFC7541,
   AUTHOR = "Roberto Peon and Herve Ruellan",
   TITLE = "{HPACK: Header Compression for HTTP/2}",
   HOWPUBLISHED = {Internet Requests for Comments},
   TYPE="{RFC}",
   NUMBER=7541,
   PAGES = {1-55},
   YEAR = {2015},
   MONTH = {May},
   ISSN = {2070-1721},
   PUBLISHER = "{RFC Editor}",
   INSTITUTION = "{RFC Editor}",
   URL={https://www.rfc-editor.org/rfc/rfc7541.txt}
}

@techreport{FieldingRFC7231,
   AUTHOR = "Roy T. Fielding and Julian F. Reschke",
   TITLE = "{Hypertext Transfer Protocol (HTTP/1.1): Semantics and Content}",
   HOWPUBLISHED = {Internet Requests for Comments},
   TYPE="{RFC}",
   NUMBER=7231,
   PAGES = {1-101},
   YEAR = {2014},
   MONTH = {June},
   ISSN = {2070-1721},
   PUBLISHER = "{RFC Editor}",
   INSTITUTION = "{RFC Editor}",
   URL={https://www.rfc-editor.org/rfc/rfc7231.txt}
}

@techreport{FieldingRFC7230,
   AUTHOR = "Roy T. Fielding and Julian F. Reschke",
   TITLE = "{Hypertext Transfer Protocol (HTTP/1.1): Message Syntax and Routing}",
   HOWPUBLISHED = {Internet Requests for Comments},
   TYPE="{RFC}",
   NUMBER=7230,
   PAGES = {1-89},
   YEAR = {2014},
   MONTH = {June},
   ISSN = {2070-1721},
   PUBLISHER = "{RFC Editor}",
   INSTITUTION = "{RFC Editor}",
   URL={https://www.rfc-editor.org/rfc/rfc7230.txt}
}

@techreport{FriedlRFC7301,
   AUTHOR = "Stephan Friedl and Andrei Popov and Adam Langley and Emile Stephan",
   TITLE = "{Transport Layer Security (TLS) Application-Layer Protocol Negotiation Extension}",
   HOWPUBLISHED = {Internet Requests for Comments},
   TYPE="{RFC}",
   NUMBER=7301,
   PAGES = {1-9},
   YEAR = {2014},
   MONTH = {July},
   ISSN = {2070-1721},
   PUBLISHER = "{RFC Editor}",
   INSTITUTION = "{RFC Editor}",
   URL={https://www.rfc-editor.org/rfc/rfc7301.txt}
}
%---------------------------------------------------------
% S S S
%---------------------------------------------------------
@INPROCEEDINGS{Saxce7179400, 
author={Hugues de Saxcé and Iuniana Oprescu and Yiping Chen}, 
booktitle={2015 IEEE Conference on Computer Communications Workshops (INFOCOM WKSHPS)}, 
title="{Is HTTP/2 really faster than HTTP/1.1?}", 
year={2015}, 
volume={}, 
number={}, 
pages={293-299}, 
keywords={cellular radio;hypermedia;multiplexing;transport protocols;HTTP/2;HTTP/1.1;HTTP protocol;compression;multiplexing;server push;SPDY protocol;cellular networks;Servers;Web pages;Internet;Protocols;Packet loss;Multiplexing}, 
doi={10.1109/INFCOMW.2015.7179400}, 
ISSN={}, 
month={April},}

@misc{Belshe2009SPDY,
   AUTHOR = "Mike Belshe and Roberto Peon",
   TITLE = "{SPDY: An experimental protocol for a faster web}",
   YEAR = {2009},
   HOWPUBLISHED = {\url{https://www.chromium.org/spdy/spdy-whitepaper}},
   NOTE = {Online; acessado em 30/10/2018}
}

@phdthesis{silvestre2009modelos,
  title={Modelos de Concorrência e Coordenação para o Desenvolvimento de Aplicações Orientadas a Eventos em Lua},
  author={Bruno Oliveira Silvestre},
  year={2009},
  school={Pontífica Universidade Católica do Rio de Janeiro -- PUC-Rio}
}

@misc{silvestre2018luasec,
   AUTHOR = {Bruno Oliveira Silvestre},
   TITLE = "{LuaSec}",
   YEAR = {2018},
   HOWPUBLISHED = {\url{https://github.com/brunoos/luasec/wiki}},
   NOTE = {Online; acessado em 27/11/2018}
}
%---------------------------------------------------------
% T T T
%---------------------------------------------------------
%---------------------------------------------------------
% U U U
%---------------------------------------------------------
%---------------------------------------------------------
% V V V
%---------------------------------------------------------
%---------------------------------------------------------
% W W W
%---------------------------------------------------------
@inproceedings{Wang:2014:SS:2616448.2616484,
 author = {Xiao Sophia Wang and Aruna Balasubramanian and Arvind Krishnamurthy and David Wetherall},
 title = "{How Speedy is SPDY?}",
 booktitle = {Proceedings of the 11th USENIX Conference on Networked Systems Design and Implementation},
 series = {NSDI'14},
 year = {2014},
 isbn = {978-1-931971-09-6},
 location = {Seattle, WA},
 pages = {387--399},
 numpages = {13},
 url = {http://dl.acm.org/citation.cfm?id=2616448.2616484},
 acmid = {2616484},
 publisher = {USENIX Association},
 address = {Berkeley, CA, USA},
}

@inproceedings{Wijnants:2018:HPI:3178876.3186181,
 author = {Maarten Wijnants and Robin Marx and Peter Quax and Wim Lamotte},
 title = "{HTTP/2 Prioritization and Its Impact on Web Performance}",
 booktitle = {Proceedings of the 2018 World Wide Web Conference},
 series = {WWW '18},
 year = {2018},
 isbn = {978-1-4503-5639-8},
 location = {Lyon, France},
 pages = {1755--1764},
 numpages = {10},
 url = {https://doi.org/10.1145/3178876.3186181},
 doi = {10.1145/3178876.3186181},
 acmid = {3186181},
 publisher = {International World Wide Web Conferences Steering Committee},
 address = {Republic and Canton of Geneva, Switzerland},
 keywords = {experimental evaluation, http/2, page load time (plt), prioritization, resource loading, web performance optimization (wpo)},
} 
%---------------------------------------------------------
% X X X
%---------------------------------------------------------
%---------------------------------------------------------
% Y Y Y
%---------------------------------------------------------
@inproceedings{Yamamoto:2017:EHH:3095786.3095787,
 author = {Yamamoto, Kazuhiko and Tsujikawa, Tatsuhiro and Oku, Kazuho},
 title = "{Exploring HTTP/2 Header Compression}",
 booktitle = {Proceedings of the 12th International Conference on Future Internet Technologies},
 series = {CFI'17},
 year = {2017},
 isbn = {978-1-4503-5332-8},
 location = {Fukuoka, Japan},
 pages = {1:1--1:5},
 articleno = {1},
 numpages = {5},
 url = {http://doi.acm.org/10.1145/3095786.3095787},
 doi = {10.1145/3095786.3095787},
 acmid = {3095787},
 publisher = {ACM},
 address = {New York, NY, USA},
 keywords = {Compression Ratio, HTTP/2, Header Compression, High Performance},
} 
%---------------------------------------------------------
% Z Z Z
%---------------------------------------------------------

%%%%%%%%%%%%%%%%%%%%%%%%%%%%%%%%%%%%%%%%%%%%%%%%%%%%%%%%%%
%% Below is a description of all fields recognized by the standard
%% bibliography styles.  An entry can also contain other fields, which
%% are ignored by those styles.

%% address
%% Usually the address of the publisher or other type of institution.
%% For major publishing houses, van Leunen recommends omitting the
%% information entirely. For small publishers, on the other hand, you
%% can help the reader by giving the complete address.

%% annote
%% An annotation.  It is not used by the standard bibliography styles,
%% but may be used by others that produce an annotated bibliography.

%% author
%% The name(s) of the author(s),
%% in the format described in the \LaTeX\ book.

%% booktitle
%% Title of a book, part of which is being cited.  See the \LaTeX\
%% book for how to type titles.  For book entries, use the title field
%% instead.

%% chapter
%% A chapter (or section or whatever) number.

%% crossref
%% The database key of the entry being cross referenced.

%% edition
%% The edition of a book---for example, ``Second''.  This should be an
%% ordinal, and should have the first letter capitalized, as shown
%% here; the standard styles convert to lower case when necessary.

%% editor
%% Name(s) of editor(s), typed as indicated in the \LaTeX\ book.  If
%% there is also an author field, then the editor field gives the
%% editor of the book or collection in which the reference appears.

%% howpublished
%% How something strange has been published.  The first word should be
%% capitalized.

%% institution
%% The sponsoring institution of a technical report.

%% journal
%% A journal name.  Abbreviations are provided for many journals; see
%% the Local Guide.

%% key
%% Used for alphabetizing, cross referencing, and creating a label
%% when the ``author'' information (described in Section
%% odds-and-ends) is missing.  This field should not be confused with
%% the key that appears in the \cite command and at the beginning of
%% the database entry.

%% month
%% The month in which the work was published or, for an unpublished
%% work, in which it was written.  You should use the standard
%% three-letter abbreviation, as described in Appendix B.1.3 of the
%% \LaTeX\ book.

%% note
%% Any additional information that can help the reader.  The first
%% word should be capitalized.

%% number
%% The number of a journal, magazine, technical report, or of a work
%% in a series.  An issue of a journal or magazine is usually
%% identified by its volume and number; the organization that issues a
%% technical report usually gives it a number; and sometimes books are
%% given numbers in a named series.

%% organization
%% The organization that sponsors a conference or that publishes a
%% manual.

%% pages
%% One or more page numbers or range of numbers, such as 42--111 or
%% 7,41,73--97 or 43+ (the `+' in this last example indicates pages
%% following that don't form a simple range).  To make it easier to
%% maintain Scribe-compatible databases, the standard styles convert a
%% single dash (as in 7-33) to the double dash used in \TeX\ to denote
%% number ranges (as in 7--33}).

%% publisher
%% The publisher's name.

%% school
%% The name of the school where a thesis was written.

%% series
%% The name of a series or set of books.  When citing an entire book,
%% the the title field gives its title and an optional series field
%% gives the name of a series or multi-volume set in which the book is
%% published.

%% title
%% The work's title, typed as explained in the \LaTeX\ book.

%% type
%% The type of a technical report---for example, ``Research Note''.

%% volume
%% The volume of a journal or multivolume book.

%% year
%% The year of publication or, for an unpublished work, the year it
%% was written.  Generally it should consist of four numerals, such as
%% 1984, although the standard styles can handle any year whose last
%% four nonpunctuation characters are numerals, such as about 1984.
%%%%%%%%%%%%%%%%%%%%%%%%%%%%%%%%%%%%%%%%%%%%%%%%%%%%%%%%%%
